<record><leader>00000cas a2200000Ia 4500</leader><controlfield tag="001">10245159</controlfield><controlfield tag="008">831222d19701971ohuwr ne      0   a0eng d</controlfield><datafield ind1=" " ind2=" " tag="010"><subfield code="a">sn 89075056 </subfield></datafield><datafield ind1=" " ind2=" " tag="040"><subfield code="a">BGU</subfield><subfield code="b">eng</subfield><subfield code="c">BGU</subfield><subfield code="d">ONP</subfield><subfield code="d">OCL</subfield><subfield code="d">OCLCQ</subfield></datafield><datafield ind1=" " ind2=" " tag="043"><subfield code="a">n-us-oh</subfield></datafield><datafield ind1="0" ind2="0" tag="245"><subfield code="a">Otsego press.</subfield></datafield><datafield ind1=" " ind2=" " tag="260"><subfield code="a">Weston, Ohio :</subfield><subfield code="b">Otsego Pub. Co.,</subfield><subfield code="c">1970-1971.</subfield></datafield><datafield ind1=" " ind2=" " tag="300"><subfield code="a">v. :</subfield><subfield code="b">ill. ;</subfield><subfield code="c">28 cm.</subfield></datafield><datafield ind1="0" ind2=" " tag="362"><subfield code="a">Vol. 1, no. 1 (Sept. 24, 1970)-v. 1, no. 52 (Sept. 9, 1971).</subfield></datafield><datafield ind1=" " ind2=" " tag="752"><subfield code="a">United States</subfield><subfield code="b">Ohio</subfield><subfield code="c">Wood</subfield><subfield code="d">Weston.</subfield></datafield><datafield ind1="0" ind2="0" tag="780"><subfield code="t">Weston herald (Weston, Ohio : 1970)</subfield><subfield code="w">(OCoLC)10245155</subfield></datafield></record>